@book{xp-book,
	author = {K. Beck.},
	title = {Extreme Programming Explained: Embrace Change},
	publisher = {Reading, Massachusetts: Addison-Wesley},
	year = 2000,
}

@book{wcam-1,
	author = {D.C Schmidt.},
	title = {Why software reuse has failed and  how to make it work for you},
	publisher = {C++ report},
	year = 1999,
}

@article{wcam-2,
	author = {Paul Fitzpatrick and Giorgio Metta and Lorenzo Natale},
	title = {Towards Long-Lived Robot Genes},
	journal = {Robotics and Autonomous Systems},
	volume = 56,
	year = 2008,
	issn = {0921-8890},
}

@article{yarp-paper,
	author = {Paul Fitzpatrick and Giorgio Metta and Lorenzo Natale},
	title = {YARP: Yet Another Robot Platform},
	journal = {Robotics and Autonomous Systems},
	volume = 6,
	year = 2005,
}

@article{wcam-3,
	author = {Pancratov C. and Kurzer J.M. and Shaw K.A. and  Trawick M.L.},
	title = {Why Computer Architecture Matters},
	journal = {Computing in Science \& Engineering},
	volume = 10,
	year = 2008,
	issn = {1521-9615},
}
@article{wcam-4,
	author = {Pancratov C. and Kurzer J.M. and Shaw K.A. and  Trawick M.L.},
	title = {On the Benefits of Making Robotic Software Frameworks Thin},
	journal = {International Conference on
		Intelligent Robots and Systems Workshop},
	volume=10,
	year = 2007,
	
}

@article{wcam-5,
	author = {Toby H.J. Collett and Bruce A. MacDonald and Brian P. Gerkey},
	title = {Player 2.0: Toward a Practical Robot Programming Framework},
	journal = {Proceedings of the Australasian Conference on Robotics and Automation},
	volume =10000,
	year = 2005,
}

