@Misc{ubot,
  key =		 {ubot},
  title =	 {uBot Interface},
  howpublished = {http://vortexlabs.cl/es/productos.php}}

@Misc{ARDUINO,
  key =		 {ARDUINO},
  title =	 {Arduino},
  howpublished = {http://www.arduino.cc/}}

@Misc{CR,
  key =		 {CR},
  title =	 {Centro de Robótica de la UTFSM},
  howpublished = {http://robotica.elo.utfsm.cl/}}

@Misc{ROS,
  key =		 {ROS},
  title =	 {{Robot} {Operating} {System}},
  howpublished = {\url{http://pr.willowgarage.com/wiki/ROS}}
}

@Misc{ROSSUM,
  key =		 {ROSSUM},
  title =	 {The Rossom Project},
  howpublished = {\url{http://rossum.sourceforge.net}}
}

@Misc{PLAYER,
  key =		 {PLAYER},
  title =	 {Robot Device Interface},
  howpublished = {\url{http://playerstage.sourceforge.net}}
}
@Misc{STAGE,
  key =		 {STAGE},
  title =	 {Player plugin module that simulates a population of mobile robots, sensors and objects in 2D},
  howpublished = {\url{http://playerstage.sourceforge.net/index.php?src=stage}}
}

@Misc{GAZEBO,
  key =		 {GAZEBO},
  title =	 {Player plugin module that simulates a population of mobile robots, sensors and objects in 3D},
  howpublished = {\url{http://playerstage.sourceforge.net/gazebo/gazebo.html}}
}
@Misc{CARMEN,
  key =		 {CARMEN},
  title =	 {Robot Navigation Toolkit},
  howpublished = {\url{http://carmen.sourceforge.net}}
}

@Misc{ORCA,
  key = {ORCA},
  title =	 {{Orca}-{Robotics} project},
  howpublished = {\url{http://orca-robotics.sourceforge.net}}
}

@Misc{PYRO,
  key =		 {PYRO},
  title =	 {Python Robotics},
  howpublished = {\url{http://www.pyrorobotics.org}}
}

@Misc{YARP,
  key = {YARP},
  title =	 {Yet Another Robot Plataform},
  howpublished = {\url{http://eris.liralab.it/yarp/}}
}

@Misc{CSRG,
  key = {CSRG},
  title =        {Computer Science Research Group UTFSM},
  howpublished = {\url{http://csrg.inf.utfsm.cl}}
}
@Misc{PIEA,
  key = {PIEA},
  title =        {Programa de Iniciativas Estudiantiles Académicas},
  howpublished = {\url{http://csrg.inf.utfsm.cl}}
}
@Misc{PYTHON,
  key = {PYTHON},
  title =        {Python},
  howpublished = {\url{http://www.python.org/}}
}

@Misc{PYQT,
  key = {PYQT},
  title =        {PyQt},
  howpublished = {\url{http://www.riverbankcomputing.co.uk/news}}
}

@Misc{PYSERIAL,
  key = {PYSERIAL},
  title =        {PySerial},
  howpublished = {\url{http://pyserial.sourceforge.net/}}
}

@Misc{QTDESIGNER,
  key = {QTDESIGNER},
  title =        {Qt Designer},
  howpublished = {\url{http://doc.trolltech.com/4.3/designer-manual.html}}
}

@Misc{GPL,
  key = {GPL},
  title =        {General Public License},
  howpublished = {\url{http://www.gnu.org/copyleft/gpl.html}}
}

@Misc{QT,
  key = {QT},
  title =        {Qt},
  howpublished = {\url{http://qt.nokia.com/about/the-nokia-acquisition}}
}

@Misc{XML,
  key = {XML},
  title =        {Extensive Markup Language},
  howpublished = {\url{http://www.w3.org/XML/}}
}

@Misc{MICROSOFT,
  key = {MICROSOFT},
  title = 	{Microsoft Robotics Developer Studio},
  howpublished = {\url{http://msdn.microsoft.com/en-us/robotics/default.aspx}}
}

@Misc{OPENSOURCE,
  key = {OPENSOURCE},
  title =	{Open Source},
  howpublished = {\url{http://www.opensource.org/}}
}

@Misc{GIT,
  key = {GIT},
  title = {Git SCM},
  howpublished = {\url{http://git-scm.com/}}
}

@Misc{XP,
  key = {XP},
  title = {Extreme Programming},
  howpublished = {\url{http://www.extremeprogramming.org/}}
}

@Misc{TRAC,
  key = {TRAC},
  title =        {Enhanced wiki and issue tracking system for software development projects},
  howpublished = {\url{http://trac.edgewall.org/}}
}

@Misc{OPENCV,
  key = {OPENCV},
  title =	{OpenCV},
  howpublished = {\url{http://opencv.willowgarage.com}}
}
@Misc{GEAR,
  key = {GEAR},
  title = {General and Easy Applied Robotics},
  howpublished ={\url{http://www.piea.usm.cl/syc/proyecto.php?id_proyecto=37}}
}
