@article{wcam-5,
	author = {Toby H.J. Collett and Bruce A. MacDonald and Brian P. Gerkey},
	title = {Player 2.0: Toward a Practical Robot Programming Framework},
	journal = {Proceedings of the Australasian Conference on Robotics and Automation},
	volume =10000,
	year = 2005,
}

