@Misc{CSRG,
  key = {CSRG},
  title =        {Computer Systems Research Group UTFSM},
  howpublished = {\url{http://csrg.inf.utfsm.cl}}
}
@Misc{PIEA,
  key = {PIEA},
  title =        {Programa de Iniciativas Estudiantiles Acad√©micas},
  howpublished = {\url{http://csrg.inf.utfsm.cl}}
}
@Misc{PYTHON,
  key = {PYTHON},
  title =        {Python},
  howpublished = {\url{http://www.python.org/}}
}

@Misc{PYQT,
  key = {PYQT},
  title =        {PyQt},
  howpublished = {\url{http://www.riverbankcomputing.co.uk/news}}
}

@Misc{PYSERIAL,
  key = {PYSERIAL},
  title =        {PySerial},
  howpublished = {\url{http://pyserial.sourceforge.net/}}
}

@Misc{QTDESIGNER,
  key = {QTDESIGNER},
  title =        {Qt Designer},
  howpublished = {\url{http://doc.trolltech.com/4.3/designer-manual.html}}
}

@Misc{GPL,
  key = {GPL},
  title =        {General Public License},
  howpublished = {\url{http://www.gnu.org/copyleft/gpl.html}}
}

@Misc{QT,
  key = {QT},
  title =        {Qt},
  howpublished = {\url{http://qt.nokia.com/about/the-nokia-acquisition}}
}

@Misc{XML,
  key = {XML},
  title =        {Extensive Markup Language},
  howpublished = {\url{http://www.w3.org/XML/}}
}

@Misc{MICROSOFT,
  key = {MICROSOFT},
  title = 	{Microsoft Robotics Developer Studio},
  howpublished = {\url{http://msdn.microsoft.com/en-us/robotics/default.aspx}}
}

@Misc{OPENSOURCE,
  key = {OPENSOURCE},
  title =	{Open Source},
  howpublished = {\url{http://www.opensource.org/}}
}

@Misc{GIT,
  key = {GIT},
  title = {Git SCM},
  howpublished = {\url{http://git-scm.com/}}
}

@Misc{XP,
  key = {XP},
  title = {Extreme Programming},
  howpublished = {\url{http://www.extremeprogramming.org/}}
}

@Misc{TRAC,
  key = {TRAC},
  title =        {Enhanced wiki and issue tracking system for software development projects},
  howpublished = {\url{http://trac.edgewall.org/}}
}
