@article{vev,
	author = {Halina Kaminski and Mark Perry},
	title = {Verifiable Electronic Voting System:
    An Open Source Solution},
	year = 2005,
}

@article{seguridad_cerrado,
	author = {Aggelos Kiayias and 
    Michael Korman and
    David Walluck },
    journal = {Computer Security Applications Conference, 2006. ACSAC '06. 22nd
        Annual},
	title = {An Internet Voting System Supporting User Privacy },
	year = 2006,
	pages = {1},
}

@article{split_ballot,
    author = {Tal Moran and Moni Naor},
    title = {Split-Ballot Voting: Everlasting Privacy with
    Distributed Trust},
	pages = {1},
    year = {}
}
