@Misc{paises_vot,
	title = {Countries with e-voting projects},
    howpublished =
    {\url{http://www.tiresias.org/research/guidelines/evoting_projects.htm}},
}

@Misc{australia,
	title = {Australia Electronic Voting and Counting System},
    howpublished =
    {\url{http://www.elections.act.gov.au/page/view/370}},
}

@Misc{floss,
	title = {Software Libre y de Código Abierto},
    howpublished =
    {\url{http://es.wikipedia.org/wiki/Software_libre_y_de_c%C3%B3digo_abierto}},
}

@Misc{utfsm,
	title = {Universidad Técnica Federico Santa María},
    howpublished = {\url{http://usm.cl}},
}

@Misc{vev_source,
	title = {VEV Sourcecode},
    howpublished = {\url{http://sourceforge.net/projects/vev/}},
}

@Misc{trust_the_vote,
    title = {Making Voting Systems Transparent Through Open-Source
        Development},
    howpublished = {\url{http://www.trustthevote.org/background}},
}

@Misc{test_url,
	title = {},
    howpublished = {\url{}},
}

