@Misc{axion,
  key =		 {axion},
  title =	 {AxionFics},
  howpublished =
  {\url{http://ac3s.feriadesoftware.cl}}
}
